<?xml version="1.0" encoding="UTF-8"?><record xmlns="http://www.loc.gov/MARC21/slim" xmlns:cinclude="http://apache.org/cocoon/include/1.0" xmlns:zs="http://www.loc.gov/zing/srw/">
  <leader>00415nz  a2200133n  4500</leader>
  <controlfield tag="001">n 2008008588</controlfield>
  <controlfield tag="003">DLC</controlfield>
  <controlfield tag="005">20080206075046.0</controlfield>
  <controlfield tag="008">080205n| acannaabn          |a aaa      </controlfield>
  <datafield tag="010" ind1=" " ind2=" ">
    <subfield code="a">n 2008008588</subfield>
  </datafield>
  <datafield tag="040" ind1=" " ind2=" ">
    <subfield code="a">DLC</subfield>
    <subfield code="b">eng</subfield>
    <subfield code="c">DLC</subfield>
  </datafield>
  <datafield tag="100" ind1="1" ind2=" ">
    <subfield code="a">Sáenz Guallar, Francisco Javier</subfield>
  </datafield>
  <datafield tag="400" ind1="1" ind2=" ">
    <subfield code="a">Guallar, Francisco Javier Sáenz</subfield>
  </datafield>
  <datafield tag="670" ind1=" " ind2=" ">
    <subfield code="a">Benedicto Gimeno, Emilio. Valle del Jiloca, 2005:</subfield>
    <subfield code="b">t.p. (Francisco Javier Sáenz Guallar)</subfield>
  </datafield>
</record>